@article{PhysRevLett.56.1505,
  title = {Lattice-Gas Automata for the Navier-Stokes Equation},
  author = {Frisch, U. and Hasslacher, B. and Pomeau, Y.},
  journal = {Phys. Rev. Lett.},
  volume = {56},
  issue = {14},
  pages = {1505--1508},
  numpages = {0},
  year = {1986},
  month = {Apr},
  publisher = {American Physical Society},
  doi = {10.1103/PhysRevLett.56.1505},
  url = {https://link.aps.org/doi/10.1103/PhysRevLett.56.1505}
}

@book{weimar1997simulation,
  title={Simulation with cellular automata},
  author={Weimar, J{\"o}rg Richard},
  year={1997},
  publisher={Logos-Verlag}
}

@article{3D_model,
  author={D. d'Humi√®res and P. Lallemand and U. Frisch},
  title={Lattice Gas Models for 3D Hydrodynamics},
  journal={EPL (Europhysics Letters)},
  volume={2},
  number={4},
  pages={291},
  url={http://stacks.iop.org/0295-5075/2/i=4/a=006},
  year={1986}
}
@article{marshall1987epa,
  title={EPA indicts formaldehyde, 7 years later},
  author={Marshall, Eliot},
  journal={Science},
  volume={236},
  pages={381--382},
  year={1987},
  publisher={American Association for the Advancement of Science}
}
@article{grafstrom1983formaldehyde,
  title={Formaldehyde damage to DNA and inhibition of DNA repair in human bronchial cells},
  author={Grafstrom, Roland C and Fornace, Albert J and Autrup, Herman and Lechner, John F and Harris, Curtis C},
  journal={Science},
  volume={220},
  number={4593},
  pages={216--218},
  year={1983},
  publisher={American Association for the Advancement of Science}
}
@article{brown1999chamber,
  title={Chamber Assessment of Formaldehyde and VOC Emissions from Wood-Based Panels},
  author={Brown, SK},
  journal={Indoor air},
  volume={9},
  number={3},
  pages={209--215},
  year={1999},
  publisher={Wiley Online Library}
}
@article{christian1959sublimation,
  title={Sublimation from sharp-edged cylinders in axisymmetric flow, including influence of surface curvature},
  author={Christian, William J and Kezios, Stothe P},
  journal={AIChE Journal},
  volume={5},
  number={1},
  pages={61--68},
  year={1959},
  publisher={Wiley Online Library}
}
@article{paterlini1998constant,
  title={Constant temperature simulations using the Langevin equation with velocity Verlet integration},
  author={Paterlini, M Germana and Ferguson, David M},
  journal={Chemical physics},
  volume={236},
  number={1-3},
  pages={243--252},
  year={1998},
  publisher={Elsevier}
}
@article{lennard1931cohesion,
  title={Cohesion},
  author={Lennard-Jones, John E},
  journal={Proceedings of the Physical Society},
  volume={43},
  number={5},
  pages={461},
  year={1931},
  publisher={IOP Publishing}
}
@article{wolverton1993plants,
  title={Plants and soil microorganisms: removal of formaldehyde, xylene, and ammonia from the indoor environment},
  author={Wolverton, BC and Wolverton, John D},
  journal={Journal of the Mississippi Academy of Sciences},
  volume={38},
  number={2},
  pages={11--15},
  year={1993},
  publisher={Weidenfeld and Nicolson}
}
@article{zhang2006temp,
  title={Influence of temperature on formaldehyde emission parameters of dry building materials},
  author={Yinping Zhang , Xiaoxi Luo, Xinke Wang, Ke Qian, Rongyi Zhao},
  journal={Atmospheric Environment},
  volume={38},
  number={7},
  pages={14},
  year={2006},
  publisher={Elsevier}
}
